@inproceedings{ctc_paper,
	title = {Connectionist temporal classification: {Labelling} unsegmented sequence data with recurrent neural networks},
	booktitle = {In {Proceedings} of the {International} {Conference} on {Machine} {Learning}, {ICML} 2006},
	author = {Graves, Alex and Fern√°ndez, Santiago and Gomez, Faustino},
	year = {2006},
	pages = {369--376}
}

@online{mozillajourney,
	author = {Reuben Morais},
	title = {A Journey to $<$10\% Word Error Rate},
	year = 2017,
	url = "https://hacks.mozilla.org/2017/11/a-journey-to-10-word-error-rate",
	urldate = {2018-09-14}
}
